%% This BibTeX bibliography file was created using BibDesk.
%% http://bibdesk.sourceforge.net/


%% Created for Christophe Dutang at 2012-10-08 23:08:29 +0200 


%% Saved with string encoding Unicode (UTF-8) 



@article{eling12,
	Author = {Martin Eling},
	Date-Added = {2012-10-08 23:04:08 +0200},
	Date-Modified = {2012-10-08 23:08:28 +0200},
	Journal = {Insurance: Mathematics and Economics},
	Note = {cited page 241},
	Number = {2012},
	Pages = {239-248},
	Title = {{Fitting insurance claims to skewed distributions: Are the skew-normal and the skew-student good models?}},
	Volume = {51},
	Year = {2012}}

@inproceedings{eikhermann12,
	Author = {Marika Eik and Heiko Herrmann},
	Booktitle = {the Estonian Academy of Sciences},
	Date-Added = {2012-10-08 23:00:46 +0200},
	Date-Modified = {2012-10-08 23:03:29 +0200},
	Note = {cited page 9},
	Number = {2},
	Pages = {128-136},
	Title = {Raytraced images for testing the reconstruction of fibre orientation distributions},
	Volume = {61},
	Year = {2012}}

@article{croucheretal12,
	Author = {Nicholas J. Croucher and Simon R. Harris and Lars Barquist and Julian Parkhill and Stephen D. Bentley},
	Date-Added = {2012-10-08 22:56:37 +0200},
	Date-Modified = {2012-10-08 23:00:34 +0200},
	Journal = {PLoS Pathog},
	Note = {fit and confint},
	Number = {6},
	Pages = {e1002745},
	Title = {A High-Resolution View of Genome-Wide Pneumococcal Transformation},
	Volume = {8},
	Year = {2012}}

@article{commeauetal12,
	Author = {Natalie Commeau and Eric Parent and Marie-Laure Delignette-Muller and Marie Cornu},
	Date-Added = {2012-10-08 22:53:49 +0200},
	Date-Modified = {2012-10-08 22:56:28 +0200},
	Journal = {International Journal of Food Microbiology},
	Note = {censored data},
	Pages = {146-152},
	Title = {Fitting a lognormal distribution to enumeration and absence/presence data},
	Volume = {155},
	Year = {2012}}

@article{busschaertetal10,
	Author = {P. Busschaert and A.H. Geeraerd and M. Uyttendaele and J.F. Van Impe},
	Date-Added = {2012-10-08 22:48:29 +0200},
	Date-Modified = {2012-10-08 22:52:45 +0200},
	Journal = {International Journal of Food Microbiology},
	Note = {cited page 261},
	Pages = {260-269},
	Title = {Estimating distributions out of qualitative and (semi)quantitative microbiological contamination data for use in risk assessment},
	Volume = {138},
	Year = {2010}}

@inproceedings{brooksetal11,
	Author = {J.P. Brooks and D.J. Edwards and T.P. Sorrell and S. Srinivasan and R.L. Diehl},
	Booktitle = {the 2011 Winter Simulation Conference},
	Date-Added = {2012-10-08 22:43:23 +0200},
	Date-Modified = {2012-10-08 22:48:04 +0200},
	Note = {cited page 7},
	Pages = {1770-1777},
	Title = {Simulating Calls for Service for an Urban Police Department},
	Year = {2011}}

@article{bagariaetal12,
	Author = {Anurag Bagaria and Victor Jaravine and Y.J. Huang and G.T. Montelione and Peter G\"untert},
	Date-Added = {2012-10-08 22:39:34 +0200},
	Date-Modified = {2012-10-08 22:42:17 +0200},
	Journal = {Protein Science},
	Number = {2},
	Pages = {229-238},
	Title = {Protein structure validation by generalized linear model root-mean-square deviation prediction},
	Volume = {21},
	Year = {2012}}

@article{anandetal12,
	Author = {Praveen Anand and Kalidas Yeturu and Nagasuma Chandra},
	Date-Added = {2012-10-08 22:27:41 +0200},
	Date-Modified = {2012-10-08 22:33:34 +0200},
	Journal = {Nucleic Acids Research},
	Note = {C-F graph and plotdist graph - page 5},
	Number = {W1 W400-W408},
	Pages = {1-9},
	Title = {PocketAnnotate: towards site-based function annotation},
	Volume = {40},
	Year = {2012}}

@mastersthesis{aktassjostrand11,
	Author = {\"Ozlem Akta\c{s} and Maria Sj\"ostrand},
	Date-Added = {2012-10-08 22:22:14 +0200},
	Date-Modified = {2012-10-08 22:27:04 +0200},
	Note = {only mentionned page 83},
	Rating = {5},
	School = {School of Information Science, Computer and Electrical Engineering, Halmstad University},
	Title = {Cornish-Fisher Expansion and Value-at-Risk method in application to risk management of large portfolios},
	Year = {2011}}
