%% This BibTeX bibliography file was created using BibDesk.
%% http://bibdesk.sourceforge.net/


%% Saved with string encoding Unicode (UTF-8) 



@book{kotz,
	Author = {N. L. Johnson and S. Kotz and N. Balakrishnan},
	Date-Added = {2008-12-04 22:26:24 +0100},
	Date-Modified = {2008-12-23 15:55:41 +0100},
	Publisher = {John Wiley},
	Title = {Continuous univariate distributions},
	Year = {1994}}
