%% This BibTeX bibliography file was created using BibDesk.
%% http://bibdesk.sourceforge.net/


%% Created for Christophe Dutang at 2013-03-15 15:10:07 +0100 


%% Saved with string encoding Unicode (UTF-8) 



@article{kefford07,
	Author = {B.J. Kefford and E.J. Fields and C. Clay and D. Nugegoda},
	Date-Added = {2013-03-06 21:41:48 +0100},
	Date-Modified = {2013-03-06 21:43:15 +0100},
	Journal = {Mar. Freshwater Res},
	Number = {1019-1031},
	Title = {{Salinity tolerance of riverine macroinvertebrates from the Southern Murray-Darling Basin}},
	Volume = {58},
	Year = {2007}}

@book{helsel05,
	Author = {D.R. Helsel},
	Date-Added = {2013-03-11 16:55:34 +0100},
	Date-Modified = {2013-03-11 16:55:34 +0100},
	Edition = {1st},
	Publisher = {Wiley},
	Title = {Nondetects and Data Analysis: Statistics for Censored Environmental Data},
	Year = {2005}}


@book{kleinmoeschberger03,
	Author = {J.P. Klein and M.L. Moeschberger},
	Date-Added = {2013-03-06 21:37:34 +0100},
	Date-Modified = {2013-03-06 21:38:47 +0100},
	Edition = {2nd},
	Publisher = {Springer},
	Title = {Survival Analysis: Techniques for Censored and Truncated Data},
	Year = {2003}}

@article{jordan05,
	Author = {D. Jordan},
	Date-Added = {2013-03-06 18:21:50 +0100},
	Date-Modified = {2013-03-06 18:22:26 +0100},
	Journal = {Preventive Veterinary Medicine},
	Number = {1-2},
	Pages = {59-73},
	Title = {Simulating the sensitivity of pooled-sample herd tests for fecal Salmonella in cattle. Preventive veterinary medicine},
	Volume = {70},
	Year = {2005}}

@article{hiranoetal94,
	Author = {S.S. Hirano and M.K. Clayton and C.D. Upper},
	Date-Added = {2013-03-06 18:15:38 +0100},
	Date-Modified = {2013-03-06 18:16:37 +0100},
	Journal = {Phytopathology},
	Number = {9},
	Pages = {934-940},
	Title = {Estimation of and temporal changes in means and variances of populations of \emph{Pseudomonas syringae} on snap bean leaflets},
	Volume = {84},
	Year = {1994}}

@manual{actuar12,
	Address = {\'{E}cole d'actuariat, Universit\'{e} Laval},
	Author = {Goulet, V.},
	Date-Added = {2012-11-07 17:28:38 +0100},
	Date-Modified = {2012-11-07 17:29:41 +0100},
	Title = {actuar: An {R} Package for Actuarial Science, version 1.1-5},
	Url = {http://www.actuar-project.org},
	Year = 2012,
	Bdsk-Url-1 = {http://www.actuar-project.org}}

@article{mcneil97,
	Author = {A.J. McNeil},
	Date-Added = {2012-11-02 18:47:05 +0100},
	Date-Modified = {2012-11-02 18:47:50 +0100},
	Journal = {ASTIN Bull.},
	Title = {Estimating the tails of loss severity distributions using extreme value theory},
	Year = {1997}}


@article{distrModJSS,
	Author = {M. Kohl and P. Ruckdeschel},
	Date-Added = {2012-10-18 18:41:33 +0200},
	Date-Modified = {2012-10-18 18:42:23 +0200},
	Journal = {Journal of Statistical Software},
	Number = {10},
	Pages = {1-27},
	Title = {{R package distrMod: S4 Classes and Methods for Probability Models}},
	Volume = {35},
	Year = {2010}}

@article{actuarJSS,
	Author = {C. Dutang and V. Goulet and M. Pigeon},
	Date-Added = {2012-10-18 18:32:43 +0200},
	Date-Modified = {2012-10-18 18:35:33 +0200},
	Journal = {Journal of Statistical Software},
	Number = {7},
	Title = {{actuar: an R package for Actuarial Science}},
	Volume = {25},
	Year = {2008}}

@manual{R12,
	Address = {Vienna, Austria},
	Author = {{R Development Core Team}},
	Date-Added = {2012-10-18 18:28:58 +0200},
	Date-Modified = {2012-10-18 18:29:14 +0200},
	Note = {{ISBN} 3-900051-07-0},
	Organization = {R Foundation for Statistical Computing},
	Title = {R: A Language and Environment for Statistical Computing},
	Url = {http://www.R-project.org/},
	Year = {2012},
	Bdsk-Url-1 = {http://www.R-project.org/}}

@book{Cullen99,
	Address = {New York},
	Author = {Cullen, A.C. and Frey, H.C.},
	Edition = {First},
	Isbn = {0-3064595-7-4},
	Language = {english},
	Publisher = {Plenum Publishing Co.},
	Title = {Probabilistic Techniques in Exposure Assessment},
	Year = 1999}

@book{Johnson08,
	Address = {New York},
	Author = {Johnson, N.L. and Kotz, S. and Balakrishnan, N.},
	Edition = {Second},
	Isbn = {0-4715849-5-9},
	Language = {english},
	Publisher = {Wiley},
	Title = {Continuous Univariate Distributions},
	Year = {1994}}

@book{Warren10,
	Address = {New York},
	Author = {Warren-Hicks, W.J. and Hart, A.},
	Edition = {First},
	Isbn = {1-4398073-4-5},
	Language = {english},
	Publisher = {CRC Press},
	Title = {Applications of Uncertainty Analysis to Ecological Risks of Pesticides},
	Year = {2010}}

@book{Vose10,
	Address = {New York},
	Author = {Vose, D.},
	Edition = {First},
	Isbn = {0-4719580-3-4},
	Language = {english},
	Publisher = {Wiley},
	Title = {Quantitative Risk Analysis. A Guide to Monte Carlo Simulation Modelling},
	Year = {2010}}
	
@book{Klugmanetal09,
	Address={New York},
	Author={Klugman, S.A. and Panjer, H.H. and Willmot, G.E.},
	Edition={Third},
	Isbn={0-4704874-3-7},
	Language={english},
	Publisher={Wiley},
	Title={Loss Models: from Data to Decisions},
	Year={2009}}	
	
@book{Stephens86,
	Address = {New York},
	Author = {D'Agostino, R.B. and Stephens, M.A.},
	Edition = {First},
	Isbn = {0-8247748-7-6},
	Language = {english},
	Publisher = {Dekker},
	Title = {Goodness-of-Fit Techniques},
	Year = {1986}}

@book{MASS,
	Address = {New York},
	Author = {Venables, W. N. and Ripley, B. D.},
	Edition = 4,
	Isbn = {1-4419300-8-6},
	Language = {english},
	Publisher = {Springer},
	Title = {Modern Applied Statistics with {S}},
	Year = 2010}

@book{Blom,
	Address = {New York},
	Asin = {B002LBF3JO},
	Author = {Blom, G.},
	Language = {english},
	Publisher = {Wiley},
	Title = {Statistical Estimates and Transformed Beta Variables},
	Year = 1959}

@article{Luceno06,
	Author = {Luceno, A.},
	Bdsk-Url-1 = {http://dx.doi.org/10.1016/j.csda.2005.09.011},
	Date-Modified = {2012-11-02 19:01:06 +0100},
	Doi = {{10.1016/j.csda.2005.09.011}},
	Issn = {{0167-9473}},
	Journal = {{Computational Statistics and Data Analysis}},
	Month = {{NOV 15}},
	Number = {{2}},
	Pages = {{904-917}},
	Title = {{Fitting the Generalized Pareto Distribution to Data using Maximum Goodness-of-fit Estimators}},
	Unique-Id = {{ISI:000242484200036}},
	Volume = {{51}},
	Year = {{2006}},
	Bdsk-Url-2 = {http://dx.doi.org/10.1016/j.csda.2005.09.011}}

@manual{R,
	Address = {Vienna, Austria},
	Author = {{R Development Core Team}},
	Note = {{ISBN} 3-900051-07-0},
	Organization = {R Foundation for Statistical Computing},
	Title = {R: A Language and Environment for Statistical Computing},
	Url = {http://www.R-project.org/},
	Year = {2011},
	Bdsk-Url-1 = {http://www.R-project.org/}}

@manual{survival,
	Author = {Therneau, T.},
	Note = {R package version 2.36-9},
	Title = {survival: Survival Analysis, Including Penalized Likelihood},
	Url = {http://cran.r-project.org/web/packages/survival/},
	Year = {2011},
	Bdsk-Url-1 = {http://cran.r-project.org/web/packages/survival/}}

@manual{fitdistrplus,
	Author = {Delignette-Muller, M.L. and Pouillot, R. and Denis, J.B. and Dutang, C.},
	Note = {R package version 1.0-1},
	Title = {fitdistrplus: Help to Fit of a Parametric Distribution to Non-Censored or Censored Data},
	Url = {http://cran.r-project.org/web/packages/fitdistrplus/},
	Year = {2013},
	Bdsk-Url-1 = {http://cran.r-project.org/web/packages/fitdistrplus/}}

@manual{mc2d,
	Author = {Pouillot, R. and Delignette-Muller, M.L. and Denis, J.B.},
	Note = {R package version 0.1-12},
	Title = {mc2d: Tools for Two-Dimensional Monte-Carlo Simulations},
	Url = {http://cran.r-project.org/web/packages/mc2d/},
	Year = {2011},
	Bdsk-Url-1 = {http://cran.r-project.org/web/packages/mc2d/}}

@unpublished{Ricci05,
	Author = {{Ricci, V.}},
	Language = {english},
	Note = {Contributed Documentation available on CRAN},
	Title = {Fitting Distributions with \textbf{R}},
	Url = {http://cran.r-project.org/doc/contrib/Ricci-distributions-en.pdf},
	Year = {2005},
	Bdsk-Url-1 = {http://cran.r-project.org/doc/contrib/Ricci-distributions-en.pdf}}

@article{Pouillot10,
	Author = {Pouillot, R. and Delignette-Muller, M.L.},
	Bdsk-Url-1 = {http://dx.doi.org/10.1016/j.ijfoodmicro.2010.07.011},
	Date-Modified = {2012-11-02 19:01:40 +0100},
	Doi = {{10.1016/j.ijfoodmicro.2010.07.011}},
	Issn = {{0168-1605}},
	Journal = {{International Journal of Food Microbiology}},
	Month = {{SEP 1}},
	Number = {{3}},
	Pages = {{330-340}},
	Title = {{Evaluating Variability and Uncertainty Separately in Microbial Quantitative Risk Assessment using two R Packages}},
	Unique-Id = {{ISI:000281981700007}},
	Volume = {{142}},
	Year = {{2010}},
	Bdsk-Url-2 = {http://dx.doi.org/10.1016/j.ijfoodmicro.2010.07.011}}

@article{Delignette08,
	Author = {Delignette-Muller, M. L. and Cornu, M. and AFSSA Stec Study Grp},
	Bdsk-Url-1 = {http://dx.doi.org/10.1016/j.ijfoodmicro.2008.05.040},
	Date-Modified = {2012-11-02 19:01:25 +0100},
	Doi = {{10.1016/j.ijfoodmicro.2008.05.040}},
	Issn = {{0168-1605}},
	Journal = {{International Journal of Food Microbiology}},
	Month = {{NOV 30}},
	Note = {{5th International Conference on Predictive Modelling in Foods, Natl Tech Univ Athens, Athens, GREECE, SEP 16-19, 2007}},
	Number = {{1, SI}},
	Pages = {{158-164}},
	Title = {{Quantitative Risk Assessment for \emph{Escherichia coli} O157:H7 in Frozen Ground Beef Patties Consumed by Young Children in French Households}},
	Unique-Id = {{ISI:000261280700022}},
	Volume = {{128}},
	Year = {{2008}},
	Bdsk-Url-2 = {http://dx.doi.org/10.1016/j.ijfoodmicro.2008.05.040}}

@article{Busschaert10,
	Author = {Busschaert, P. and Geeraerd, A. H. and Uyttendaele, M. and Van Impe, J. F.},
	Bdsk-Url-1 = {http://dx.doi.org/10.1016/j.ijfoodmicro.2010.01.025},
	Date-Modified = {2012-11-02 19:01:35 +0100},
	Doi = {{10.1016/j.ijfoodmicro.2010.01.025}},
	Issn = {{0168-1605}},
	Journal = {{International Journal of Food Microbiology}},
	Month = {{APR 15}},
	Number = {{3}},
	Pages = {{260-269}},
	Title = {{Estimating Distributions out of Qualitative and (Semi)Quantitative Microbiological Contamination Data for Use in Risk Assessment}},
	Unique-Id = {{ISI:000276819700010}},
	Volume = {{138}},
	Year = {{2010}},
	Bdsk-Url-2 = {http://dx.doi.org/10.1016/j.ijfoodmicro.2010.01.025}}

@article{Hose04,
	Author = {Hose, G.C. and Van den Brink, P.J.},
	Bdsk-Url-1 = {http://dx.doi.org/10.1007/s00244-003-3212-5},
	Date-Modified = {2013-03-06 21:55:00 +0100},
	Doi = {{10.1007/s00244-003-3212-5}},
	Issn = {{0090-4341}},
	Journal = {{Archives of environmental contamination and toxicology}},
	Month = {{OCT}},
	Number = {{4}},
	Pages = {{511-520}},
	Title = {{Confirming the Species-Sensitivity Distribution Concept for Endosulfan Using Laboratory, Mesocosm, and Field Data}},
	Unique-Id = {{ISI:000224753800011}},
	Volume = {{47}},
	Year = {{2004}},
	Bdsk-Url-2 = {http://dx.doi.org/10.1007/s00244-003-3212-5}}

@article{Fromont01,
	Author = {Fromont, E and Morvilliers, L and Artois, M and Pontier, D},
	Bdsk-Url-1 = {http://dx.doi.org/10.1017/S0031182001008277},
	Date-Modified = {2012-11-02 19:00:22 +0100},
	Doi = {{10.1017/S0031182001008277}},
	Issn = {{0031-1820}},
	Journal = {{Parasitology}},
	Month = {{AUG}},
	Number = {{Part 2}},
	Pages = {{143-151}},
	Title = {{Parasite Richness and Abundance in Insular and Mainland Feral Cats: Insularity or Density?}},
	Unique-Id = {{ISI:000170390500004}},
	Volume = {{123}},
	Year = {{2001}},
	Bdsk-Url-2 = {http://dx.doi.org/10.1017/S0031182001008277}}

@article{Altman96,
	Author = {Altman, DG and Bland, JM},
	Bdsk-Url-1 = {http://dx.doi.org/10.1111/j.1751-0813.1996.tb13786.x},
	Date-Modified = {2012-11-02 18:59:51 +0100},
	Doi = {{10.1111/j.1751-0813.1996.tb13786.x}},
	Issn = {{0005-0423}},
	Journal = {{Australian Veterinary Journal}},
	Month = {{OCT}},
	Number = {{4}},
	Pages = {{311}},
	Title = {{Absence of Evidence is not Evidence of Absence}},
	Unique-Id = {{ISI:A1996VT73400019}},
	Volume = {{74}},
	Year = {{1996}},
	Bdsk-Url-2 = {http://dx.doi.org/10.1111/j.1751-0813.1996.tb13786.x}}

@article{Turnbull74,
	Author = {Turnbull, B.W.},
	Bdsk-Url-1 = {http://dx.doi.org/10.2307/2285518},
	Date-Modified = {2013-03-06 21:55:28 +0100},
	Doi = {{10.2307/2285518}},
	Issn = {{0162-1459}},
	Journal = {{Journal of the American Statistical Association}},
	Number = {{345}},
	Pages = {{169-173}},
	Title = {{Nonparametric Estimation of a Survivorship Function with Doubly Censored Data}},
	Unique-Id = {{ISI:A1974S755300025}},
	Volume = {{69}},
	Year = {{1974}},
	Bdsk-Url-2 = {http://dx.doi.org/10.2307/2285518}}
	
	
				