%% This BibTeX bibliography file was created using BibDesk.
%% http://bibdesk.sourceforge.net/


%% Created for Christophe Dutang at 2012-11-07 23:08:36 +0100 


%% Saved with string encoding Unicode (UTF-8) 



@article{wilson12,
	Author = {T. Wilson},
	Date-Added = {2012-11-07 23:04:31 +0100},
	Date-Modified = {2012-11-07 23:08:16 +0100},
	Journal = {CMG Journal Information},
	Note = {cited page 9 for MLE fit},
	Title = {What were they thinking: modeling think times for performance testing},
	Year = {2011}}

@article{suuronenetal12,
	Author = {J.P. Suuronen and Aki Kallonen and Marika Eik and Jari Puttonen and Ritva Serimaa and Heiko Herrmann},
	Date-Added = {2012-11-07 22:59:36 +0100},
	Date-Modified = {2012-11-07 23:04:24 +0100},
	Journal = {Journal of Materials Science},
	Note = {cited in page 5 for MLE fit},
	Title = {{Analysis of short fibres orientation in steel fibre-reinforced concrete (SFRC) by X-ray tomography}},
	Year = {2012}}

@article{scholletal12,
	Author = {C.F. Scholl and C.C. Nice and J.A. Fordyce and Z. Gompert and M.L. Forister},
	Date-Added = {2012-11-07 22:56:30 +0100},
	Date-Modified = {2012-11-07 22:59:28 +0100},
	Journal = {International Journal of Ecology},
	Note = {cited in page 4 for MLE fit},
	Number = {2012},
	Pages = {1-13},
	Title = {Larval performance in the context of ecological diversification and speciation in lycaeides butterflies},
	Volume = {2012},
	Year = {2012}}

@article{saketal11,
	Author = {H. Sak and C. Haksoz},
	Date-Added = {2012-11-07 22:53:37 +0100},
	Date-Modified = {2012-11-07 22:56:18 +0100},
	Journal = {Journal of Operational Risk},
	Note = {cited in page 9 for MLE fit},
	Title = {A copula-based simulation model for supply portfolio risk},
	Year = {2011}}

@mastersthesis{rosa12,
	Author = {A. S. Rosa},
	Date-Added = {2012-11-07 22:44:37 +0100},
	Date-Modified = {2012-11-07 22:53:29 +0100},
	Note = {cited in page 72 for descdist and plotdist},
	School = {Universidade Federal de Santa Maria},
	Title = {Fun\c{c}\~{o}es de predi\c{c}\~{a}o espacial de propriedades do solo},
	Year = {2012}}

@article{poulliotetal12,
	Author = {R. Pouillot and K. Hoelzer and Y. Chen and S. Dennis},
	Date-Added = {2012-11-07 22:41:36 +0100},
	Date-Modified = {2012-11-07 22:44:24 +0100},
	Journal = {Food Control},
	Keywords = {cited in page 7 for MLE censored fit},
	Number = {2},
	Pages = {350-357},
	Title = {{Estimating probability distributions of bacterial concentrations in food based on data generated using the most probable number (MPN) method for use in risk assessment}},
	Volume = {29},
	Year = {2012}}

@article{marquetouxetal12,
	Author = {N. Marquetoux and M. Paul and S. Wongnarkpet and C. Poolkhet and W. Thanapongtham and F. Roger and C. Ducrot and K. Chalvet-Monfray},
	Date-Added = {2012-11-07 22:37:48 +0100},
	Date-Modified = {2012-11-07 22:41:28 +0100},
	Journal = {Preventive Veterinary Medicine},
	Note = {cited inp age 3 for MLE fit},
	Number = {2},
	Pages = {143-151},
	Title = {{Estimating spatial and temporal variations of the reproduction number for highly pathogenic avian influenza H5N1 epidemic in Thailand}},
	Volume = {106},
	Year = {2012}}

@article{lehaetal11,
	Author = {A. Leha and T. Beissbarth and K. Jung},
	Date-Added = {2012-11-07 22:34:24 +0100},
	Date-Modified = {2012-11-07 22:37:40 +0100},
	Journal = {BMC Bioinformatics},
	Note = {cited in page 10 for MLE censored fit},
	Number = {127},
	Pages = {1-14},
	Title = {{Sequential interim analyses of survival data in DNA microarray experiments}},
	Volume = {12},
	Year = {2011}}

@article{kohlruckdeschel10,
	Author = {M. Kohl and P. Ruckdeschel},
	Date-Added = {2012-11-07 22:31:50 +0100},
	Date-Modified = {2012-11-07 22:34:12 +0100},
	Journal = {Journal of Statistical Software},
	Note = {cited in page 17 for MLE fit},
	Number = {10},
	Pages = {1-27},
	Title = {{R package distrMod: S4 classes and methods for probability models}},
	Volume = {35},
	Year = {2010}}

@article{kochetal12,
	Author = {F.H. Koch and D. Yemshanov and R.D. Magarey and W.D. Smith},
	Date-Added = {2012-11-07 22:28:27 +0100},
	Date-Modified = {2012-11-07 22:31:43 +0100},
	Journal = {Journal of Economic Entomology},
	Note = {cited in page 4 for MLE fit},
	Number = {2},
	Pages = {438-450},
	Title = {Dispersal of Invasive Forest Insects via Recreational Firewood: A Quantitative Analysis},
	Volume = {105},
	Year = {2012}}

@article{hoelzeretal12,
	Author = {K. Hoelzer and R. Pouillot and D. Gallagher and M.B. Silverman and J. Kause and S. Dennis},
	Date-Added = {2012-11-07 22:19:27 +0100},
	Date-Modified = {2012-11-07 22:28:14 +0100},
	Journal = {International Journal of Food Microbiology},
	Note = {Cited in page 9 for parametric bootstraping},
	Number = {2},
	Pages = {267-277},
	Title = {{Estimation of Listeria monocytogenes transfer coefficients and efficacy of bacterial removal through cleaning and sanitation}},
	Volume = {157},
	Year = {2012}}

@article{jongenburgeretal12,
	Author = {I. Jongenburger and M.W. Reij and E.P.J. Boer and M.H. Zwietering and L.G.M. Gorris},
	Date-Added = {2012-11-07 22:16:14 +0100},
	Date-Modified = {2012-11-07 22:18:53 +0100},
	Journal = {International Journal of Food Microbiology},
	Note = {cited in page 4 for MLE censord fit},
	Number = {1},
	Pages = {35-44},
	Title = {Modelling homogeneous and heterogeneous microbial contaminations in a powdered food product},
	Volume = {157},
	Year = {2012}}

@article{jaloustreetal11,
	Author = {S. Jaloustre and M. Cornu and E. Morelli and V. Noel and M.L. Delignette-Muller},
	Date-Added = {2012-11-07 22:11:48 +0100},
	Date-Modified = {2012-11-07 22:19:11 +0100},
	Journal = {Food microbiology},
	Note = {cited in page 4 for MLE fit},
	Number = {2},
	Pages = {311-320},
	Title = {{Bayesian modeling of Clostridium perfringens growth in beef-in-sauce products}},
	Volume = {28},
	Year = {2011}}

@article{fusteinercostafreda12,
	Author = {C.H.Y. Fu and H. Steiner and S.G. Costafreda},
	Date-Added = {2012-11-07 22:05:23 +0100},
	Date-Modified = {2012-11-07 22:11:36 +0100},
	Journal = {Neurobiology of Disease},
	Note = {cited in page 3 for grouped data},
	Title = {Predictive neural biomarkers of clinical response in depression: A meta-analysis of functional and structural neuroimaging studies of pharmacological and psychological therapies},
	Year = {2012}}

@article{eling12,
	Author = {Martin Eling},
	Date-Added = {2012-10-08 23:04:08 +0200},
	Date-Modified = {2012-10-08 23:08:28 +0200},
	Journal = {Insurance: Mathematics and Economics},
	Note = {cited page 241},
	Number = {2012},
	Pages = {239-248},
	Title = {{Fitting insurance claims to skewed distributions: Are the skew-normal and the skew-student good models?}},
	Volume = {51},
	Year = {2012}}

@inproceedings{eikhermann12,
	Author = {Marika Eik and Heiko Herrmann},
	Booktitle = {the Estonian Academy of Sciences},
	Date-Added = {2012-10-08 23:00:46 +0200},
	Date-Modified = {2012-10-08 23:03:29 +0200},
	Note = {cited page 9},
	Number = {2},
	Pages = {128-136},
	Title = {Raytraced images for testing the reconstruction of fibre orientation distributions},
	Volume = {61},
	Year = {2012}}

@article{croucheretal12,
	Author = {Nicholas J. Croucher and Simon R. Harris and Lars Barquist and Julian Parkhill and Stephen D. Bentley},
	Date-Added = {2012-10-08 22:56:37 +0200},
	Date-Modified = {2012-10-08 23:00:34 +0200},
	Journal = {PLoS Pathog},
	Note = {fit and confint},
	Number = {6},
	Pages = {e1002745},
	Title = {A High-Resolution View of Genome-Wide Pneumococcal Transformation},
	Volume = {8},
	Year = {2012}}

@article{commeauetal12,
	Author = {Natalie Commeau and Eric Parent and Marie-Laure Delignette-Muller and Marie Cornu},
	Date-Added = {2012-10-08 22:53:49 +0200},
	Date-Modified = {2012-10-08 22:56:28 +0200},
	Journal = {International Journal of Food Microbiology},
	Note = {censored data},
	Pages = {146-152},
	Title = {Fitting a lognormal distribution to enumeration and absence/presence data},
	Volume = {155},
	Year = {2012}}

@article{busschaertetal10,
	Author = {P. Busschaert and A.H. Geeraerd and M. Uyttendaele and J.F. Van Impe},
	Date-Added = {2012-10-08 22:48:29 +0200},
	Date-Modified = {2012-10-08 22:52:45 +0200},
	Journal = {International Journal of Food Microbiology},
	Note = {cited page 261},
	Pages = {260-269},
	Title = {Estimating distributions out of qualitative and (semi)quantitative microbiological contamination data for use in risk assessment},
	Volume = {138},
	Year = {2010}}

@inproceedings{brooksetal11,
	Author = {J.P. Brooks and D.J. Edwards and T.P. Sorrell and S. Srinivasan and R.L. Diehl},
	Booktitle = {the 2011 Winter Simulation Conference},
	Date-Added = {2012-10-08 22:43:23 +0200},
	Date-Modified = {2012-10-08 22:48:04 +0200},
	Note = {cited page 7},
	Pages = {1770-1777},
	Title = {Simulating Calls for Service for an Urban Police Department},
	Year = {2011}}

@article{bagariaetal12,
	Author = {Anurag Bagaria and Victor Jaravine and Y.J. Huang and G.T. Montelione and Peter G\"untert},
	Date-Added = {2012-10-08 22:39:34 +0200},
	Date-Modified = {2012-10-08 22:42:17 +0200},
	Journal = {Protein Science},
	Number = {2},
	Pages = {229-238},
	Title = {Protein structure validation by generalized linear model root-mean-square deviation prediction},
	Volume = {21},
	Year = {2012}}

@article{anandetal12,
	Author = {Praveen Anand and Kalidas Yeturu and Nagasuma Chandra},
	Date-Added = {2012-10-08 22:27:41 +0200},
	Date-Modified = {2012-10-08 22:33:34 +0200},
	Journal = {Nucleic Acids Research},
	Note = {C-F graph and plotdist graph - page 5},
	Number = {W1 W400-W408},
	Pages = {1-9},
	Title = {PocketAnnotate: towards site-based function annotation},
	Volume = {40},
	Year = {2012}}

@mastersthesis{aktassjostrand11,
	Author = {\"Ozlem Akta\c{s} and Maria Sj\"ostrand},
	Date-Added = {2012-10-08 22:22:14 +0200},
	Date-Modified = {2012-10-08 22:27:04 +0200},
	Note = {only mentionned page 83},
	Rating = {5},
	School = {School of Information Science, Computer and Electrical Engineering, Halmstad University},
	Title = {Cornish-Fisher Expansion and Value-at-Risk method in application to risk management of large portfolios},
	Year = {2011}}
