%% This BibTeX bibliography file was created using BibDesk.
%% http://bibdesk.sourceforge.net/


%% Created for Christophe Dutang at 2013-05-15 16:49:55 +0200 


%% Saved with string encoding Unicode (UTF-8) 



@mastersthesis{rebuge12,
	Author = {A.J.d.S. Rebuge},
	Date-Added = {2013-02-10 12:02:10 +0100},
	Date-Modified = {2013-05-15 16:32:28 +0200},
	School = {Universidade Tecnica de Lisboa},
	Title = {Business Process Analysis in Healthcare Environments},
	Year = {2012}}

@mastersthesis{nordan12,
	Author = {R.P.V. Nordan},
	Date-Added = {2013-02-10 11:55:59 +0100},
	Date-Modified = {2013-05-15 16:32:52 +0200},
	School = {Norwegian University of Science and Technology},
	Title = {An Investigation of Potential Methods for Topology Preservation in Interactive Vector Tile Map Applications},
	Year = {2012}}

@article{mandletal13,
	Author = {J.N. Mandl and J.P. Monteiro and N. Vrisekoop and R.N. Germain},
	Date-Added = {2013-02-10 11:48:03 +0100},
	Date-Modified = {2013-05-15 16:31:29 +0200},
	Journal = {Immunity},
	Number = {{2}},
	Pages = {{263-274}},
	Title = {{T Cell-Positive Selection Uses Self-Ligand Binding Strength to Optimize Repertoire Recognition of Foreign Antigens}},
	Volume = {{38}},
	Year = {2013}}

@phdthesis{bakos11,
	Author = {R.O. Bakos},
	Date-Added = {2013-02-10 11:42:32 +0100},
	Date-Modified = {2013-05-15 16:34:11 +0200},
	School = {Hungarian Veterinary Archive},
	Title = {Poszm\'eh Egy\"uttesek \"Osszehasonl\'it\'o Vizsg\'alata a Cser\'epfalusi f\'as Legel\'o k\"l\"onb\"oz\'o n\"ov\'enybor\'it\'as\'u ter\"uletein},
	Year = {2011}}

@mastersthesis{poduje12,
	Author = {A.C. Callau Poduje},
	Date-Added = {2013-02-10 11:34:40 +0100},
	Date-Modified = {2013-05-15 16:33:15 +0200},
	School = {Leibniz Universitat Hannover},
	Title = {{Bivariate Analysis and Synthesis of Flood Events for the Design of Hydraulic Structures -- a Case Study for Argentina}},
	Year = {2012}}

@mastersthesis{garcia12,
	Author = {P. Garcia},
	Date-Added = {2013-02-10 11:29:03 +0100},
	Date-Modified = {2013-05-15 16:33:24 +0200},
	School = {Universit\'e de Strasbourg},
	Title = {{Analyse Statistique des Pannes du R\'eseau HTA}},
	Year = {2012}}

@article{benavidesetal12,
	Author = {R. Benavides-Piccione and I. Fernaud-Espinosa and V. Robles and R. Yuste and J. DeFelipe},
	Date-Added = {2013-02-10 11:23:11 +0100},
	Date-Modified = {2013-05-15 16:23:55 +0200},
	Doi = {10.1093/cercor/bhs154},
	Journal = {Cerebral Cortex},
	Title = {Age-based Comparison of Human Dendritic Spine Structure Using Complete Three-Dimensional Reconstructions},
	Year = {2012},
	Bdsk-Url-1 = {http://dx.doi.org/10.1093/cercor/bhs154}}

@article{breitbach12,
	Author = {N. Breitbach and K. B\"ohning-Gaese and I. Laube and M. Schleuning},
	Date-Added = {2013-02-10 11:18:03 +0100},
	Date-Modified = {2013-05-15 16:24:21 +0200},
	Journal = {Journal of Ecology},
	Number = {6},
	Pages = {1349-1358},
	Title = {Short Seed-Dispersal Distances and Low Seedling Recruitment in Farmland Populations of Bird-Dispersed Cherry Trees},
	Volume = {100},
	Year = {2012}}

@article{meheustetal12,
	Author = {D. M\'eheust and P. Le Cann and T. Reponen and J. Wakefield and S. Vesper},
	Date-Added = {2013-02-10 11:10:54 +0100},
	Date-Modified = {2013-05-15 16:24:39 +0200},
	Journal = {International Journal of Hygiene and Environmental Health},
	Number = {{3}},
	Pages = {{333-340}},
	Title = {{Possible Application of the Environmental Relative Moldiness Index in France: a Pilot Study in Brittany}},
	Volume = {{216}},
	Year = {2012}}

@article{varoetal12,
	Author = {J.P. Gonz\'alez-Varo and J.V. L\'opez-Bao and J. Guiti\'an},
	Date-Added = {2013-02-10 11:03:06 +0100},
	Date-Modified = {2013-05-15 16:24:57 +0200},
	Doi = {10.1111/1365-2656.12024},
	Journal = {Journal of Animal Ecology},
	Title = {Functional Diversity Among Seed Dispersal Kernels Generated by Carnivorous Mammals},
	Year = {2012},
	Bdsk-Url-1 = {http://dx.doi.org/10.1111/1365-2656.12024}}

@article{telloetal12,
	Author = {A. Tello and B. Austin and T.C. Telfer},
	Date-Added = {2013-02-10 10:57:51 +0100},
	Date-Modified = {2013-05-15 16:25:16 +0200},
	Journal = {Environmental Health Perspectives},
	Number = {8},
	Pages = {1100-1106},
	Title = {Selective Pressure of Antibiotic Pollution on Bacteria of Importance to Public Health},
	Volume = {120},
	Year = {2012}}

@article{orellanoetal12,
	Author = {P.W. Orellano and J.I. Reynoso and A. Grassi and A. Palmieri and O. Uez and O. Carlino},
	Date-Added = {2013-02-10 10:51:38 +0100},
	Date-Modified = {2013-05-15 16:25:38 +0200},
	Journal = {Iranian Journal of Public Health},
	Number = {12},
	Pages = {26-29},
	Title = {{Estimation of the Serial Interval for Pandemic Influenza (pH1N1) in the Most Southern Province of Argentina}},
	Volume = {41},
	Year = {2012}}

@unpublished{pouillotetal11,
	Author = {R. Pouillot and M.L. Delignette-Muller and M. Cornu},
	Date-Added = {2013-02-10 09:42:22 +0100},
	Date-Modified = {2013-05-15 16:49:50 +0200},
	Title = {{Case study: \emph{L. monocytogenes} in Cold-Smoked Salmon}},
	Url = {http://CRAN.R-project.org/web/packages/mc2d/vignettes/mc2dLmEnglish.pdf},
	Year = {2011},
	Bdsk-Url-1 = {http://cran.r-project.org/web/packages/mc2d/vignettes/mc2dLmEnglish.pdf}}

@article{luangkesornetal12,
	Author = {K.L. Luangkesorn and B.A. Norman and Y. Zhuang and M. Falbo and J. Sysko},
	Date-Added = {2013-02-10 09:29:42 +0100},
	Date-Modified = {2013-05-15 16:25:55 +0200},
	Journal = {Interfaces},
	Number = {4},
	Pages = {406-409},
	Title = {{Practice Summaries: Designing Disease Prevention and Screening Centers in Abu Dhabi}},
	Volume = {42},
	Year = {2012}}

@article{tarnczi11,
	Author = {T. Tarnczi and V. Fenyves and Z. Bcs},
	Date-Added = {2013-02-10 09:26:15 +0100},
	Date-Modified = {2013-05-15 16:22:41 +0200},
	Journal = {International Journal of Management Cases},
	Number = {3},
	Pages = {159-167},
	Title = {The Business Uncertainty and Variability Management with Real Options Models Combined two Dimensional Simulation},
	Volume = {13},
	Year = {2011}}

@article{suuronenetal12,
	Author = {J.P. Suuronen and A. Kallonen and M. Eik and J. Puttonen and Ritva Serimaa and Heiko Herrmann},
	Date-Modified = {2013-05-15 16:26:28 +0200},
	Journal = {Journal of Materials Science},
	Number = {3},
	Pages = {1358--1367},
	Title = {Analysis of Short Fibres Orientation in Steel Fibre-Reinforced Concrete (SFRC) by X-ray Tomography},
	Volume = {48},
	Year = {2012}}

@article{scholletal12,
	Author = {C.F. Scholl and C.C. Nice and J.A. Fordyce and Z. Gompert and M.L. Forister},
	Date-Added = {2012-11-07 22:56:30 +0100},
	Date-Modified = {2013-05-15 16:26:46 +0200},
	Doi = {10.1155/2012/242154},
	Journal = {International Journal of Ecology},
	Title = {Larval Performance in the Context of Ecological Diversification and Speciation in Lycaeides Butterflies},
	Year = {2012},
	Bdsk-Url-1 = {http://dx.doi.org/10.1155/2012/242154}}

@article{saketal11,
	Author = {H. Sak and C. Haksoz},
	Date-Added = {2012-11-07 22:53:37 +0100},
	Date-Modified = {2013-05-15 16:22:57 +0200},
	Journal = {Journal of Operational Risk},
	Number = {3},
	Pages = {15-38},
	Title = {A Copula-based Simulation Model for Supply Portfolio Risk},
	Volume = {6},
	Year = {2011}}

@mastersthesis{rosa12,
	Author = {A. S. Rosa},
	Date-Added = {2012-11-07 22:44:37 +0100},
	Date-Modified = {2013-05-15 16:33:40 +0200},
	School = {Universidade Federal de Santa Maria},
	Title = {Fun\c{c}\~{o}es de Predi\c{c}\~{a}o Espacial de Propriedades do Solo},
	Year = {2012}}

@article{poulliotetal12,
	Author = {R. Pouillot and K. Hoelzer and Y. Chen and S. Dennis},
	Date-Added = {2012-11-07 22:41:36 +0100},
	Date-Modified = {2013-05-15 16:27:28 +0200},
	Journal = {Food Control},
	Keywords = {cited in page 7 for MLE censored fit},
	Number = {2},
	Pages = {350-357},
	Title = {{Estimating Probability Distributions of Bacterial Concentrations in Food Based on Data Generated Using the Most Probable Number (MPN) Method for Use in Risk Assessment}},
	Volume = {29},
	Year = {2012}}

@article{marquetouxetal12,
	Author = {N. Marquetoux and M. Paul and S. Wongnarkpet and C. Poolkhet and W. Thanapongtham and F. Roger and C. Ducrot and K. Chalvet-Monfray},
	Date-Added = {2012-11-07 22:37:48 +0100},
	Date-Modified = {2013-05-15 16:27:56 +0200},
	Journal = {Preventive Veterinary Medicine},
	Number = {2},
	Pages = {143-151},
	Title = {{Estimating Spatial and Temporal Variations of the Reproduction Number for Highly Pathogenic Avian Influenza H5N1 Epidemic in Thailand}},
	Volume = {106},
	Year = {2012}}

@article{lehaetal11,
	Author = {A. Leha and T. Beissbarth and K. Jung},
	Date-Added = {2012-11-07 22:34:24 +0100},
	Date-Modified = {2013-05-15 16:23:17 +0200},
	Journal = {BMC Bioinformatics},
	Number = {127},
	Pages = {1-14},
	Title = {{Sequential Interim Analyses of Survival Data in {DNA} Microarray Experiments}},
	Volume = {12},
	Year = {2011}}

@article{kochetal12,
	Author = {F.H. Koch and D. Yemshanov and R.D. Magarey and W.D. Smith},
	Date-Added = {2012-11-07 22:28:27 +0100},
	Date-Modified = {2013-03-06 21:49:35 +0100},
	Journal = {Journal of Economic Entomology},
	Number = {2},
	Pages = {438-450},
	Title = {Dispersal of Invasive Forest Insects via Recreational Firewood: A Quantitative Analysis},
	Volume = {105},
	Year = {2012}}

@article{hoelzeretal12,
	Author = {K. Hoelzer and R. Pouillot and D. Gallagher and M.B. Silverman and J. Kause and S. Dennis},
	Date-Added = {2012-11-07 22:19:27 +0100},
	Date-Modified = {2013-05-15 16:28:30 +0200},
	Journal = {International Journal of Food Microbiology},
	Number = {2},
	Pages = {267-277},
	Title = {{Estimation of \emph{Listeria Monocytogenes} Transfer Coefficients and Efficacy of Bacterial Removal Through Cleaning and Sanitation}},
	Volume = {157},
	Year = {2012}}

@article{jongenburgeretal12,
	Author = {I. Jongenburger and M.W. Reij and E.P.J. Boer and M.H. Zwietering and L.G.M. Gorris},
	Date-Added = {2012-11-07 22:16:14 +0100},
	Date-Modified = {2013-05-15 16:28:56 +0200},
	Journal = {International Journal of Food Microbiology},
	Number = {1},
	Pages = {35-44},
	Title = {Modelling Homogeneous and Heterogeneous Microbial Contaminations in a Powdered Food Product},
	Volume = {157},
	Year = {2012}}

@article{jaloustreetal11,
	Author = {S. Jaloustre and M. Cornu and E. Morelli and V. Noel and M.L. Delignette-Muller},
	Date-Added = {2012-11-07 22:11:48 +0100},
	Date-Modified = {2013-05-15 16:23:33 +0200},
	Journal = {Food microbiology},
	Number = {2},
	Pages = {311-320},
	Title = {{Bayesian Modeling of \emph{Clostridium perfringens} Growth in Beef-in-Sauce Products}},
	Volume = {28},
	Year = {2011}}

@article{fusteinercostafreda12,
	Author = {C.H.Y. Fu and H. Steiner and S.G. Costafreda},
	Date-Added = {2012-11-07 22:05:23 +0100},
	Date-Modified = {2013-05-15 16:29:33 +0200},
	Journal = {Neurobiology of Disease},
	Pages = {75-83},
	Title = {Predictive Neural Biomarkers of Clinical Response in Depression: A Meta-Analysis of Functional and Structural Neuroimaging Studies of Pharmacological and Psychological Therapies},
	Volume = {52},
	Year = {2012}}

@article{eling12,
	Author = {M. Eling},
	Date-Added = {2012-10-08 23:04:08 +0200},
	Date-Modified = {2013-05-15 16:29:53 +0200},
	Journal = {Insurance: Mathematics and Economics},
	Number = {2012},
	Pages = {239-248},
	Title = {{Fitting Insurance Claims to Skewed distributions: Are the Skew-normal and the Skew-student Good Models?}},
	Volume = {51},
	Year = {2012}}

@inproceedings{eikhermann12,
	Author = {M. Eik and H. Herrmann},
	Booktitle = {the Estonian Academy of Sciences},
	Date-Added = {2012-10-08 23:00:46 +0200},
	Date-Modified = {2013-05-15 16:31:55 +0200},
	Number = {2},
	Pages = {128-136},
	Title = {Raytraced Images for Testing the Reconstruction of Fibre Orientation Distributions},
	Volume = {61},
	Year = {2012}}

@article{croucheretal12,
	Author = {N. J. Croucher and S. R. Harris and L. Barquist and J. Parkhill and S. D. Bentley},
	Date-Added = {2012-10-08 22:56:37 +0200},
	Date-Modified = {2013-03-06 21:51:01 +0100},
	Journal = {PLoS Pathogens},
	Number = {6},
	Pages = {e1002745},
	Title = {A High-Resolution View of Genome-Wide Pneumococcal Transformation},
	Volume = {8},
	Year = {2012}}

@article{commeauetal12,
	Author = {N. Commeau and E. Parent and M.-L. Delignette-Muller and M. Cornu},
	Date-Added = {2012-10-08 22:53:49 +0200},
	Date-Modified = {2013-05-15 16:30:14 +0200},
	Journal = {International Journal of Food Microbiology},
	Pages = {146-152},
	Title = {Fitting a Lognormal Distribution to Enumeration and Absence/Presence Data},
	Volume = {155},
	Year = {2012}}

@article{busschaertetal10,
	Author = {P. Busschaert and A.H. Geeraerd and M. Uyttendaele and J.F. VanImpe},
	Date-Added = {2012-10-08 22:48:29 +0200},
	Date-Modified = {2013-05-15 16:22:08 +0200},
	Journal = {International Journal of Food Microbiology},
	Pages = {260-269},
	Title = {Estimating Distributions out of Qualitative and (Semi)Quantitative Microbiological Contamination Data for Use in Risk Assessment},
	Volume = {138},
	Year = {2010}}

@inproceedings{brooksetal11,
	Author = {J.P. Brooks and D.J. Edwards and T.P. Sorrell and S. Srinivasan and R.L. Diehl},
	Booktitle = {the 2011 Winter Simulation Conference},
	Date-Added = {2012-10-08 22:43:23 +0200},
	Date-Modified = {2013-03-06 21:51:21 +0100},
	Pages = {1770-1777},
	Title = {Simulating Calls for Service for an Urban Police Department},
	Year = {2011}}

@article{bagariaetal12,
	Author = {A. Bagaria and V. Jaravine and Y.J. Huang and G.T. Montelione and P. G\"untert},
	Date-Added = {2012-10-08 22:39:34 +0200},
	Date-Modified = {2013-05-15 16:30:38 +0200},
	Journal = {Protein Science},
	Number = {2},
	Pages = {229-238},
	Title = {Protein Structure Validation by Generalized Linear Model Root-Mean-Square Deviation Prediction},
	Volume = {21},
	Year = {2012}}

@article{anandetal12,
	Author = {P. Anand and K. Yeturu and N. Chandra},
	Date-Added = {2012-10-08 22:27:41 +0200},
	Date-Modified = {2013-05-15 16:30:52 +0200},
	Journal = {Nucleic Acids Research},
	Pages = {1-9},
	Title = {PocketAnnotate: Towards Site-based Function Annotation},
	Volume = {40},
	Year = {2012}}

@mastersthesis{aktassjostrand11,
	Author = {\"O. Akta\c{s} and M. Sj\"ostrand},
	Date-Added = {2012-10-08 22:22:14 +0200},
	Date-Modified = {2013-05-15 16:32:16 +0200},
	Rating = {5},
	School = {School of Information Science, Computer and Electrical Engineering, Halmstad University},
	Title = {Cornish-Fisher Expansion and Value-at-Risk Method in Application to Risk Management of Large Portfolios},
	Year = {2011}}
